<record><leader>00000cas a22000007i 4500</leader><controlfield tag="001">895038756</controlfield><controlfield tag="006">m     o  d        </controlfield><controlfield tag="007">cr |n|000|||||</controlfield><controlfield tag="008">000217d189019uusduwr neo     0   a0eng  </controlfield><datafield ind1=" " ind2=" " tag="010"><subfield code="a">  2014218833</subfield></datafield><datafield ind1=" " ind2=" " tag="040"><subfield code="a">Nz</subfield><subfield code="b">eng</subfield><subfield code="e">rda</subfield><subfield code="c">Z5A</subfield><subfield code="d">OCLCO</subfield><subfield code="d">DLC</subfield><subfield code="d">OCLCF</subfield></datafield><datafield ind1="0" ind2=" " tag="022"><subfield code="a">2376-5348</subfield><subfield code="2">1</subfield></datafield><datafield ind1="0" ind2=" " tag="029"><subfield code="a">NZ1</subfield><subfield code="b">15700246</subfield></datafield><datafield ind1="0" ind2=" " tag="041"><subfield code="a">eng</subfield><subfield code="a">ger</subfield></datafield><datafield ind1=" " ind2=" " tag="042"><subfield code="a">msc</subfield><subfield code="a">nsdp</subfield></datafield><datafield ind1=" " ind2=" " tag="043"><subfield code="a">n-us-sd</subfield></datafield><datafield ind1="1" ind2="0" tag="050"><subfield code="a">ISSN RECORD</subfield></datafield><datafield ind1="0" ind2="0" tag="082"><subfield code="a">071</subfield><subfield code="2">23</subfield></datafield><datafield ind1=" " ind2="0" tag="222"><subfield code="a">Dakota farmers' leader</subfield><subfield code="b">(Online)</subfield></datafield><datafield ind1="0" ind2="0" tag="245"><subfield code="a">Dakota farmers' leader.</subfield></datafield><datafield ind1=" " ind2="1" tag="264"><subfield code="a">Canton, South Dakota :</subfield><subfield code="b">Farmers' Publishing Company</subfield></datafield><datafield ind1=" " ind2=" " tag="300"><subfield code="a">1 online resource</subfield></datafield><datafield ind1=" " ind2=" " tag="310"><subfield code="a">Weekly</subfield></datafield><datafield ind1=" " ind2=" " tag="336"><subfield code="a">text</subfield><subfield code="b">txt</subfield><subfield code="2">rdacontent</subfield></datafield><datafield ind1=" " ind2=" " tag="337"><subfield code="a">computer</subfield><subfield code="b">c</subfield><subfield code="2">rdamedia</subfield></datafield><datafield ind1=" " ind2=" " tag="338"><subfield code="a">online resource</subfield><subfield code="b">cr</subfield><subfield code="2">rdacarrier</subfield></datafield><datafield ind1="1" ind2=" " tag="362"><subfield code="a">Began in August 1890.</subfield></datafield><datafield ind1=" " ind2=" " tag="546"><subfield code="a">Text chiefly in English; some also in German.</subfield></datafield><datafield ind1=" " ind2=" " tag="580"><subfield code="a">Continues: Dakota farmers' advocate.</subfield></datafield><datafield ind1=" " ind2=" " tag="580"><subfield code="a">Continued by: Canton farmers leader.</subfield></datafield><datafield ind1=" " ind2=" " tag="588"><subfield code="a">Description based on: Vol. I, no. 10 (August 29, 1890); title from masthead (Chroniclingamerica.loc.gov, viewed December 10, 2014).</subfield></datafield><datafield ind1=" " ind2=" " tag="588"><subfield code="a">Latest issue consulted: Volume 27, number 3 (June 30, 1916) (Chroniclingamerica.loc.gov, viewed December 10, 2014).</subfield></datafield><datafield ind1=" " ind2="0" tag="651"><subfield code="a">Canton (S.D.)</subfield><subfield code="v">Newspapers.</subfield></datafield><datafield ind1=" " ind2="0" tag="651"><subfield code="a">Lincoln County (S.D.)</subfield><subfield code="v">Newspapers.</subfield></datafield><datafield ind1=" " ind2="7" tag="655"><subfield code="a">Newspapers.</subfield><subfield code="2">fast</subfield><subfield code="0">(OCoLC)fst01423814</subfield></datafield><datafield ind1=" " ind2="7" tag="651"><subfield code="a">South Dakota</subfield><subfield code="z">Canton.</subfield><subfield code="2">fast</subfield><subfield code="0">(OCoLC)fst01223212</subfield></datafield><datafield ind1=" " ind2="7" tag="651"><subfield code="a">South Dakota</subfield><subfield code="z">Lincoln County.</subfield><subfield code="2">fast</subfield><subfield code="0">(OCoLC)fst01215596</subfield></datafield><datafield ind1="0" ind2=" " tag="730"><subfield code="a">Dakota farmers' leader (Online)</subfield></datafield><datafield ind1=" " ind2=" " tag="752"><subfield code="a">United States</subfield><subfield code="b">South Dakota</subfield><subfield code="c">Lincoln</subfield><subfield code="d">Canton.</subfield></datafield><datafield ind1="0" ind2=" " tag="775"><subfield code="t">Canton daily leader</subfield><subfield code="x">2376-3787</subfield><subfield code="w">(DLC)  2014218830</subfield><subfield code="w">(OCoLC)895038623</subfield></datafield><datafield ind1="0" ind2=" " tag="775"><subfield code="t">Daily Dakota farmers' leader</subfield><subfield code="x">2376-3841</subfield><subfield code="w">(DLC)  2014218831</subfield><subfield code="w">(OCoLC)895038738</subfield></datafield><datafield ind1="0" ind2="8" tag="776"><subfield code="i">Originally issued in print:</subfield><subfield code="t">Dakota farmers' leader</subfield><subfield code="x">2376-533X</subfield><subfield code="w">(DLC)sn 00065127</subfield><subfield code="w">(OCoLC)43477662</subfield></datafield><datafield ind1="0" ind2="0" tag="780"><subfield code="t">Dakota farmers' advocate</subfield><subfield code="x">2376-5321</subfield><subfield code="w">(DLC)  2014218832</subfield><subfield code="w">(OCoLC)895038697</subfield></datafield><datafield ind1="0" ind2="0" tag="785"><subfield code="t">Canton farmers leader</subfield></datafield><datafield ind1="4" ind2="0" tag="856"><subfield code="u">http://www.loc.gov/chroniclingamerica/lccn/sn00065127/issues</subfield></datafield></record>